<?xml version="1.0" encoding="UTF-8"?><record xmlns="http://www.loc.gov/MARC21/slim" xmlns:cinclude="http://apache.org/cocoon/include/1.0" xmlns:zs="http://www.loc.gov/zing/srw/">
  <leader>00516cz  a2200133n  4500</leader>
  <controlfield tag="001">n 2012017911</controlfield>
  <controlfield tag="003">DLC</controlfield>
  <controlfield tag="005">20140819161145.0</controlfield>
  <controlfield tag="008">120316n| azannaabn          |n aaa      </controlfield>
  <datafield tag="010" ind1=" " ind2=" ">
    <subfield code="a">n 2012017911</subfield>
  </datafield>
  <datafield tag="040" ind1=" " ind2=" ">
    <subfield code="a">DLC</subfield>
    <subfield code="b">eng</subfield>
    <subfield code="e">rda</subfield>
    <subfield code="c">DLC</subfield>
    <subfield code="d">DLC</subfield>
  </datafield>
  <datafield tag="046" ind1=" " ind2=" ">
    <subfield code="f">19740506</subfield>
  </datafield>
  <datafield tag="100" ind1="1" ind2=" ">
    <subfield code="a">Last, Jonathan V.,</subfield>
    <subfield code="d">1974-</subfield>
  </datafield>
  <datafield tag="670" ind1=" " ind2=" ">
    <subfield code="a">What to expect when no one's expecting, c2013:</subfield>
    <subfield code="b">ECIP t.p. (Jonathan V. Last) data view screen (b. 05/06/1974; senior writer, Weekly standard; TV and radio commentator; blogger; contributor to various news services)</subfield>
  </datafield>
</record>